Date,New_Customers,Churned_Customers,Total_Customers,Revenue,Expenses
2021-01-31,50,5,500,25000,15000
2021-02-28,60,7,553,27650,16500
2021-03-31,55,6,602,30100,17000
2021-04-30,65,8,659,32950,18000
2021-05-31,70,9,720,36000,19000
2021-06-30,75,10,785,39250,20000
2021-07-31,80,11,854,42700,21000
2021-08-31,85,12,927,46350,22000
2021-09-30,90,13,1004,50200,23000
2021-10-31,95,14,1085,54250,24000
2021-11-30,100,15,1170,58500,25000
2021-12-31,110,16,1264,63100,26000
